<record><leader>00000cas a22000007a 4500</leader><controlfield tag="001">10370981</controlfield><controlfield tag="008">840203d18371838meuwr ne      0   a0eng d</controlfield><datafield ind1=" " ind2=" " tag="010"><subfield code="a">sn 84025741 </subfield></datafield><datafield ind1=" " ind2=" " tag="040"><subfield code="a">NPV</subfield><subfield code="b">eng</subfield><subfield code="c">NPV</subfield><subfield code="d">NPU</subfield><subfield code="d">MGN</subfield><subfield code="d">MBN</subfield><subfield code="d">DLC</subfield><subfield code="d">OCLCF</subfield><subfield code="d">OCLCO</subfield></datafield><datafield ind1=" " ind2=" " tag="019"><subfield code="a">36381339</subfield></datafield><datafield ind1="1" ind2=" " tag="029"><subfield code="a">AU@</subfield><subfield code="b">000025837690</subfield></datafield><datafield ind1=" " ind2=" " tag="042"><subfield code="a">msc</subfield></datafield><datafield ind1=" " ind2=" " tag="043"><subfield code="a">n-us-me</subfield></datafield><datafield ind1="0" ind2="4" tag="245"><subfield code="a">The Bangor journal of literature, science, morals, and religion.</subfield></datafield><datafield ind1="1" ind2="3" tag="246"><subfield code="a">Bangor journal</subfield></datafield><datafield ind1=" " ind2=" " tag="260"><subfield code="a">Bangor, Me. :</subfield><subfield code="b">S.S. Smith,</subfield><subfield code="c">1837-1838.</subfield></datafield><datafield ind1=" " ind2=" " tag="300"><subfield code="a">1 v. ;</subfield></datafield><datafield ind1=" " ind2=" " tag="310"><subfield code="a">Weekly</subfield></datafield><datafield ind1="0" ind2=" " tag="362"><subfield code="a">Vol. 1, no. 1 (June 1, 1837)-v. 1, no. 52 (May 24, 1838)</subfield></datafield><datafield ind1=" " ind2=" " tag="500"><subfield code="a">Editor: Thomas Curtis.</subfield></datafield><datafield ind1=" " ind2=" " tag="500"><subfield code="a">"The" appears above the masthead ornament.</subfield></datafield><datafield ind1=" " ind2="0" tag="651"><subfield code="a">Bangor (Me.)</subfield><subfield code="v">Newspapers.</subfield></datafield><datafield ind1=" " ind2="7" tag="655"><subfield code="a">Newspapers.</subfield><subfield code="2">fast</subfield><subfield code="0">(OCoLC)fst01423814</subfield></datafield><datafield ind1=" " ind2="7" tag="651"><subfield code="a">Maine</subfield><subfield code="z">Bangor.</subfield><subfield code="2">fast</subfield><subfield code="0">(OCoLC)fst01207512</subfield></datafield><datafield ind1=" " ind2=" " tag="752"><subfield code="a">United States</subfield><subfield code="b">Maine</subfield><subfield code="c">Penobscot</subfield><subfield code="d">Bangor.</subfield></datafield></record>